%% ----------------------------------------------------------------
%% ECS.bib
%% ---------------------------------------------------------------- 
@MISC{Wooldridge:2009:pdflatex,
  author =       {Michael Wooldridge},
  title =        {An introduction to MultiAgent Systems},
  year =         {2009}
}
@MISC{Wooldridge:2015:pdflatex,
  author =       {Michael Wooldridge},
  title =        {Majority bargaining for resource division},
  year =         {2015},
  url =          {http://www.cs.ox.ac.uk/people/michael.wooldridge/pubs/jaamas2016a}
}
@MISC{Childs-Maidment:2016:pdflatex,
  author =       {James Childs-Maidment},
  title =        {Stateless Smart Contracts},
  year =         {2016},
  url =          {https://medium.com/@childsmaidment/stateless-smart-contracts-21830b0cd1b6}
}
@MISC{Truffle:2017:pdflatex,
  author =       {Truffle},
  title =        {Pet Shop Tutorial},
  year =         {2017},
  url =          {http://truffleframework.com/tutorials/pet-shop}
}
@MISC{Chalkiadakis:2012:pdflatex,
  author =       {Georgios Chalkiadakis},
  title =        {Computational Aspects of Cooperative Game Theory},
  year =         {2012},
  url =          {https://wiki.eecs.yorku.ca/course_archive/2014-15/F/4412/_media/coop_game_theory.pdf}
}
@MISC{Merriam:2017:pdflatex,
  author =       {Piper Merriam},
  title =        {Etherum Alarm Clock},
  year =         {2017},
  url =          {http://docs.ethereum-alarm-clock.com/en/latest/quickstart.html#scheduling-your-first-transaction}
}
@MISC{Grincalaitis:2017:pdflatex,
  author =       {Merunas Grincalaitis},
  title =        {The ultimate guide to audit a Smart Contract + Most dangerous attacks in Solidity},
  year =         {2017},
  url =          {https://medium.com/@merunasgrincalaitis/how-to-audit-a-smart-contract-most-dangerous-attacks-in-solidity-ae402a7e7868}
}
@MISC{EthereumWhitePaper:2018:pdflatex,
  author =       {Vitalik Buterin},
  title =        {Ethereum White Paper},
  year =         {2018},
  url =          {https://github.com/ethereum/wiki/wiki/White-Paper}
}
@MISC{ethgas:2018:pdflatex,
  author =       {EthGasStation},
  title =        {Gas Price},
  year =         {2018},
  url =          {https://ethgasstation.info/index.php}
}
@MISC{coinmarket:2018:pdflatex,
  author =       {CoinMarketCap},
  title =        {Cryptocurrency Market Capitalizations},
  year =         {2018},
  url =          {https://coinmarketcap.com/}
}
@MISC{ethereum:2018:pdflatex,
  author =       {Ethereum Foundation},
  title =        {Build Unstoppable Applications},
  year =         {2018},
  url =          {https://www.ethereum.org/}
}








